<?xml version="1.0" encoding="UTF-8"?><collection xmlns="http://www.loc.gov/MARC21/slim"><record><leader>00398nam--2200145-i-4500</leader><controlfield tag="001">000038319</controlfield><controlfield tag="002">20161230</controlfield><controlfield tag="005">20170113231458</controlfield><controlfield tag="008">060222s1000------------r-----000-0-eng-d</controlfield><datafield ind1=" " ind2=" " tag="080"><subfield code="a">001.89</subfield></datafield><datafield ind1=" " ind2=" " tag="245"><subfield code="a">La recherche fondamentale et al politique de gouvernements. Conf.Ministerielle sur la sscience</subfield></datafield><datafield ind1=" " ind2=" " tag="260"><subfield code="a">Paris</subfield><subfield code="b">Ocde</subfield><subfield code="c">1966</subfield></datafield><datafield ind1=" " ind2=" " tag="300"><subfield code="a">80 p</subfield></datafield><datafield ind1=" " ind2=" " tag="852"><subfield code="a">29720</subfield></datafield><datafield ind1=" " ind2=" " tag="CAT"><subfield code="a">SYS</subfield><subfield code="c">20170113</subfield><subfield code="h">231458</subfield></datafield></record></collection>